@article{egghe1990introduction,
  title={Introduction to informetrics: Quantitative methods in library, documentation and information science},
  author={Egghe, Leo and Rousseau, Ronald},
  year={1990},
  publisher={Elsevier Science Publishers}
}

@article{newman2004coauthorship,
  title={Coauthorship networks and patterns of scientific collaboration},
  author={Newman, Mark EJ},
  journal={Proceedings of the national academy of sciences},
  volume={101},
  number={suppl 1},
  pages={5200--5205},
  year={2004},
  publisher={National Acad Sciences}
}

@inproceedings{dietz2007unsupervised,
  title={Unsupervised prediction of citation influences},
  author={Dietz, Laura and Bickel, Steffen and Scheffer, Tobias},
  booktitle={Proceedings of the 24th international conference on Machine learning},
  pages={233--240},
  year={2007},
  organization={ACM}
}

@inproceedings{nallapati2008joint,
  title={Joint latent topic models for text and citations},
  author={Nallapati, Ramesh M and Ahmed, Amr and Xing, Eric P and Cohen, William W},
  booktitle={Proceedings of the 14th ACM SIGKDD international conference on Knowledge discovery and data mining},
  pages={542--550},
  year={2008},
  organization={ACM}
}

@article{sugimoto2011academic,
  title={Academic genealogy as an indicator of interdisciplinarity: An examination of dissertation networks in Library and Information Science},
  author={Sugimoto, Cassidy R and Ni, Chaoqun and Russell, Terrell G and Bychowski, Brenna},
  journal={Journal of the American Society for Information Science and Technology},
  volume={62},
  number={9},
  pages={1808--1828},
  year={2011},
  publisher={Wiley Online Library}
}

@article{ciotti2016homophily,
  title={Homophily and missing links in citation networks},
  author={Ciotti, Valerio and Bonaventura, Moreno and Nicosia, Vincenzo and Panzarasa, Pietro and Latora, Vito},
  journal={EPJ Data Science},
  volume={5},
  number={1},
  pages={1},
  year={2016},
  publisher={Springer Berlin Heidelberg}
}

@article{pei2015exploring,
  title={Exploring the complex pattern of information spreading in online blog communities},
  author={Pei, Sen and Muchnik, Lev and Tang, Shaoting and Zheng, Zhiming and Makse, Hern{\'a}n A},
  journal={PloS one},
  volume={10},
  number={5},
  pages={e0126894},
  year={2015},
  publisher={Public Library of Science}
}

@article{fortunato2010community,
  title={Community detection in graphs},
  author={Fortunato, Santo},
  journal={Physics reports},
  volume={486},
  number={3},
  pages={75--174},
  year={2010},
  publisher={Elsevier}
}

@inproceedings{chang2009relational,
  title={Relational Topic Models for Document Networks.},
  author={Chang, Jonathan and Blei, David M}
}

@article{milojevic2015quantifying,
  title={Quantifying the cognitive extent of science},
  author={Milojevi{\'c}, Sta{\v{s}}a},
  journal={Journal of Informetrics},
  volume={9},
  number={4},
  pages={962--973},
  year={2015},
  publisher={Elsevier}
}

@article{Goldenberg:2010:SSN:1734794.1734795,
 author = {Goldenberg, Anna and Zheng, Alice X. and Fienberg, Stephen E. and Airoldi, Edoardo M.},
 title = {A Survey of Statistical Network Models},
 journal = {Found. Trends Mach. Learn.},
 issue_date = {February 2010},
 volume = {2},
 number = {2},
 month = feb,
 year = {2010},
 issn = {1935-8237},
 pages = {129--233},
 numpages = {105},
 url = {http://dx.doi.org/10.1561/2200000005},
 doi = {10.1561/2200000005},
 acmid = {1734795},
 publisher = {Now Publishers Inc.},
 address = {Hanover, MA, USA},
} 

@inproceedings{cheng2014can,
  title={Can cascades be predicted?},
  author={Cheng, Justin and Adamic, Lada and Dow, P Alex and Kleinberg, Jon Michael and Leskovec, Jure},
  booktitle={Proceedings of the 23rd international conference on World wide web},
  pages={925--936},
  year={2014},
  organization={ACM}
}

@inproceedings{Gipp:2011:CET:1998076.1998124,
 author = {Gipp, Bela and Meuschke, Norman and Beel, Joeran},
 title = {Comparative Evaluation of Text- and Citation-based Plagiarism Detection Approaches Using Guttenplag},
 booktitle = {Proceedings of the 11th Annual International ACM/IEEE Joint Conference on Digital Libraries},
 series = {JCDL '11},
 year = {2011},
 isbn = {978-1-4503-0744-4},
 location = {Ottawa, Ontario, Canada},
 pages = {255--258},
 numpages = {4},
 url = {http://doi.acm.org/10.1145/1998076.1998124},
 doi = {10.1145/1998076.1998124},
 acmid = {1998124},
 publisher = {ACM},
 address = {New York, NY, USA},
 keywords = {citation-based plagiarism detection, plagiarism detection systems},
} 

@article{blondel2008fast,
  title={Fast unfolding of communities in large networks},
  author={Blondel, Vincent D and Guillaume, Jean-Loup and Lambiotte, Renaud and Lefebvre, Etienne},
  journal={Journal of statistical mechanics: theory and experiment},
  volume={2008},
  number={10},
  pages={P10008},
  year={2008},
  publisher={IOP Publishing}
}

@article{10.2307/2118401,
 ISSN = {00335533, 15314650},
 URL = {http://www.jstor.org/stable/2118401},
 abstract = {We compare the geographic location of patent citations with that of the cited patents, as evidence of the extent to which knowledge spillovers are geographically localized. We find that citations to domestic patents are more likely to be domestic, and more likely to come from the same state and SMSA as the cited patents, compared with a "control frequency" reflecting the pre-existing concentration of related research activity. These effects are particularly significant at the local (SMSA) level. Localization fades over time, but only very slowly. There is no evidence that more "basic" inventions diffuse more rapidly than others.},
 author = {Adam B. Jaffe, Manuel Trajtenberg, Rebecca Henderson},
 journal = {The Quarterly Journal of Economics},
 number = {3},
 pages = {577-598},
 publisher = {Oxford University Press},
 title = {Geographic Localization of Knowledge Spillovers as Evidenced by Patent Citations},
 volume = {108},
 year = {1993}
}

@inproceedings{mikolov2013distributed,
  title={Distributed representations of words and phrases and their compositionality},
  author={Mikolov, Tomas and Sutskever, Ilya and Chen, Kai and Corrado, Greg S and Dean, Jeff},
  booktitle={Advances in neural information processing systems},
  pages={3111--3119},
  year={2013}
}

@inproceedings{pennington2014glove,
  title={Glove: Global Vectors for Word Representation.},
  author={Pennington, Jeffrey and Socher, Richard and Manning, Christopher D}
}
@article{cui2010citation,
  title={Citation networks as a multi-layer graph: Link prediction and importance ranking},
  author={Cui, Jingyu and Wang, Fan and Zhai, Jinjian}
}

@inproceedings{yu2012citation,
  title={Citation Prediction in Heterogeneous Bibliographic Networks.},
  author={Yu, Xiao and Gu, Quanquan and Zhou, Mianwei and Han, Jiawei},
  organization={SIAM}
}

@inproceedings{arnold2009information,
  title={Information extraction as link prediction: Using curated citation networks to improve gene detection},
  author={Arnold, Andrew and Cohen, William W},
  booktitle={International Conference on Wireless Algorithms, Systems, and Applications},
  pages={541--550},
  year={2009},
  organization={Springer}
}

@article{watts2002simple,
  title={A simple model of global cascades on random networks},
  author={Watts, Duncan J},
  journal={Proceedings of the National Academy of Sciences},
  volume={99},
  number={9},
  pages={5766--5771},
  year={2002},
  publisher={National Acad Sciences}
}

@article{achlioptas2009explosive,
  title={Explosive percolation in random networks},
  author={Achlioptas, Dimitris and D'Souza, Raissa M and Spencer, Joel},
  journal={Science},
  volume={323},
  number={5920},
  pages={1453--1455},
  year={2009},
  publisher={American Association for the Advancement of Science}
}

@article{solomon2000social,
  title={Social percolation models},
  author={Solomon, Sorin and Weisbuch, Gerard and de Arcangelis, Lucilla and Jan, Naeem and Stauffer, Dietrich},
  journal={Physica A: Statistical Mechanics and its Applications},
  volume={277},
  number={1},
  pages={239--247},
  year={2000},
  publisher={Elsevier}
}

@article{chang2009exploring,
  title={Exploring technology diffusion and classification of business methods: Using the patent citation network},
  author={Chang, Shann-Bin and Lai, Kuei-Kuei and Chang, Shu-Min},
  journal={Technological Forecasting and Social Change},
  volume={76},
  number={1},
  pages={107--117},
  year={2009},
  publisher={Elsevier}
}

@article{1742-5468-2005-09-P09008,
  author={Leon Danon and Albert DÃ­az-Guilera and Jordi Duch and Alex Arenas},
  title={Comparing community structure identification},
  journal={Journal of Statistical Mechanics: Theory and Experiment},
  volume={2005},
  number={09},
  pages={P09008},
  url={http://stacks.iop.org/1742-5468/2005/i=09/a=P09008},
  year={2005}
}
	
@article{liu2005co,
  title={Co-authorship networks in the digital library research community},
  author={Liu, Xiaoming and Bollen, Johan and Nelson, Michael L and Van de Sompel, Herbert},
  journal={Information processing \& management},
  volume={41},
  number={6},
  pages={1462--1480},
  year={2005},
  publisher={Elsevier}
}

@article{kretschmer2004author,
  title={Author productivity and geodesic distance in bibliographic co-authorship networks, and visibility on the Web},
  author={Kretschmer, Hildrun},
  journal={Scientometrics},
  volume={60},
  number={3},
  pages={409--420},
  year={2004},
  publisher={Akad{\'e}miai Kiad{\'o}, co-published with Springer Science+ Business Media BV, Formerly Kluwer Academic Publishers BV}
}

@incollection{glanzel2004analysing,
  title={Analysing scientific networks through co-authorship},
  author={Gl{\"a}nzel, Wolfgang and Schubert, Andr{\'a}s},
  booktitle={Handbook of quantitative science and technology research},
  pages={257--276},
  year={2004},
  publisher={Springer}
}

@inproceedings{myers2012information,
  title={Information diffusion and external influence in networks},
  author={Myers, Seth A and Zhu, Chenguang and Leskovec, Jure},
  booktitle={Proceedings of the 18th ACM SIGKDD international conference on Knowledge discovery and data mining},
  pages={33--41},
  year={2012},
  organization={ACM}
}

@inproceedings{li2009multi,
  title={Multi-layered friendship modeling for location-based mobile social networks},
  author={Li, Nan and Chen, Guanling},
  booktitle={Mobile and Ubiquitous Systems: Networking \& Services, MobiQuitous, 2009. MobiQuitous' 09. 6th Annual International},
  pages={1--10},
  year={2009},
  organization={IEEE}
}

@inproceedings{kazienko2010multi,
  title={Multi-layered social network creation based on bibliographic data},
  author={Kazienko, Przemysaw and Br{\'o}dka, Piotr and Musial, Katarzyna and Gaworecki, Jarosaw},
  booktitle={Social Computing (SocialCom), 2010 IEEE Second International Conference on},
  pages={407--412},
  year={2010},
  organization={IEEE}
}

@article{liben2007link,
  title={The link-prediction problem for social networks},
  author={Liben-Nowell, David and Kleinberg, Jon},
  journal={Journal of the American society for information science and technology},
  volume={58},
  number={7},
  pages={1019--1031},
  year={2007},
  publisher={Wiley Online Library}
}

@inproceedings{rehurek2010software,
  title={Software framework for topic modelling with large corpora},
  author={Rehurek, Radim and Sojka, Petr},
  booktitle={In Proceedings of the LREC 2010 Workshop on New Challenges for NLP Frameworks},
  year={2010},
  organization={Citeseer}
}

@inproceedings{wei2006lda,
  title={LDA-based document models for ad-hoc retrieval},
  author={Wei, Xing and Croft, W Bruce},
  booktitle={Proceedings of the 29th annual international ACM SIGIR conference on Research and development in information retrieval},
  pages={178--185},
  year={2006},
  organization={ACM}
}

@article{kuhn2014inheritance,
  title={Inheritance patterns in citation networks reveal scientific memes},
  author={Kuhn, Tobias and Perc, Matja{\v{z}} and Helbing, Dirk},
  journal={Physical Review X},
  volume={4},
  number={4},
  pages={041036},
  year={2014},
  publisher={APS}
}

@article{bagnall2015author,
  title={Author identification using multi-headed recurrent neural networks},
  author={Bagnall, Douglas},
  journal={arXiv preprint arXiv:1506.04891},
  year={2015}
}

@inproceedings{sutskever2011generating,
  title={Generating text with recurrent neural networks},
  author={Sutskever, Ilya and Martens, James and Hinton, Geoffrey E},
  booktitle={Proceedings of the 28th International Conference on Machine Learning (ICML-11)},
  pages={1017--1024},
  year={2011}
}